@misc{monovsmicroitoutposts,
  title   = {Monolith vs Microservices: Which Is Better to Choose?},
  author  = {IT Outposts},
  urldate = {2024-01-15},
  url     = {https://itoutposts.com/blog/monolith-vs-microservices-which-is-better-to-choose/}
}

@misc{aspnetntiercodeproject,
  title   = {Creating ASP.NET Applications with N-Tier Architecture},
  author  = {Rahul Rajat Singh},
  urldate = {2024-01-15},
  url     = {https://www.codeproject.com/Articles/439688/Creating-ASP-NET-application-with-n-tier-architect/}
}

@misc{cleanarchitecturejasontaylor,
  title   = {Clean Architecture with .NET Core: Getting Started},
  author  = {Jason Taylor},
  urldate = {2024-01-15},
  url     = {https://jasontaylor.dev/clean-architecture-getting-started/}
}

@misc{mvvmmicrosoft,
  title   = {Model-View-ViewModel (MVVM)},
  author  = {Microsoft},
  urldate = {2024-01-15},
  url     = {https://learn.microsoft.com/en-us/dotnet/architecture/maui/mvvm/}
}
